@article{schillinger_differences_2016,
	author = "Schillinger, Kerstin and Mesoudi, Alex and Lycett, Stephen J",
	file = "schillinger2016.pdf:/home/scarrign/.mozilla/firefox/pthe111g.default/zotero/storage/DPU6BEVX/schillinger2016.pdf:application/pdf",
	journal = "Journal of Archaeological Method and Theory",
	pages = "1--19",
	title = "{Differences in {Manufacturing} {Traditions} and {Assemblage}-{Level} {Patterns}: the {Origins} of {Cultural} {Differences} in {Archaeological} {Data}}",
	year = "2016"
}

@article{lycett2015,
	author = "Lycett, Stephen J.",
	doi = "10.1016/j.jas.2015.01.004",
	file = "1-s2.0-S0305440315000072-main.pdf:/home/simon/.mozilla/firefox/hbd7she8.default-1398248423370/zotero/storage/Q3C756ED/1-s2.0-S0305440315000072-main.pdf:application/pdf",
	issn = "03054403",
	journal = "Journal of Archaeological Science",
	language = "en",
	localfile = "../pdfs/culturalevolutionaryapproachestoartifactvariationovertimeandspacebasisprogressandprospects.pdf",
	month = jan,
	shorttitle = "Cultural evolutionary approaches to artifact variation over time and space",
	title = "{Cultural evolutionary approaches to artifact variation over time and space: {Basis}, progress, and prospects}",
	url = "http://linkinghub.elsevier.com/retrieve/pii/S0305440315000072",
	urldate = "2015-01-25",
	year = "2015"
}

